% BibTeX entries for MetaPost doc, by John Hobby.  Public domain.

@techreport{CSTR116,
	author = "Kernighan, Brian W.",
	title = "{PIC}---A Graphics Language for Typesetting",
	type = "Computing Science Technical Report",
	number = 116,
	institution = "AT\&T Bell Laboratories",
	address = "Murray Hill, New Jersey",
	year = 1984
}
@incollection{ke:pic,
	author = "Kernighan, Brian W.",
	title = "Pic---A Graphics Language for Typesetting",
	booktitle = "Unix Research System Papers, Tenth Edition",
	publisher = "AT\&T Bell Laboratories",
	pages = "53--77",
	year = 1990
}	
