%% LaTeX2e file `97-annotations.bib'
%% generated by the `filecontents' environment
%% from source `97-annotations' on 2018/10/04.
%%
@MISC{ann1,
  AUTHOR           = {Last1, First1 and Last2, First2 and Last3, First3},
  AUTHOR+an        = {1:family=student;2=corresponding},
  TITLE            = {The Title},
  TITLE+an:default = {=titleannotation},
  TITLE+an:french  = {="Le titre"},
  TITLE+an:german  = {="Der Titel"}
}
